@inproceedings{Mao,
 author = {Mao, Yi and Chen, Wenlin and Chen, Yixin and Lu, Chenyang and Kollef, Marin and Bailey, Thomas},
 title = {An Integrated Data Mining Approach to Real-time Clinical Monitoring and Deterioration Warning},
 booktitle = {Proceedings of the 18th ACM SIGKDD International Conference on Knowledge Discovery and Data Mining},
 series = {KDD '12},
 year = {2012},
 isbn = {978-1-4503-1462-6},
 location = {Beijing, China},
 pages = {1140--1148},
 numpages = {9},
 url = {http://doi.acm.org/10.1145/2339530.2339709},
 doi = {10.1145/2339530.2339709},
 acmid = {2339709},
 publisher = {ACM},
 address = {New York, NY, USA},
 keywords = {deterioration warning, feature selection, real-time clinical monitoring, time-series classification},
} 


@inproceedings{Ghassemi2015,
	author = {Marzyeh Ghassemi and A.F. Pimentel and Tristan Naumann and Thomas Brennan and David A. Clifton and Peter Szolovits and Mengling Feng},
	title = {A Multivariate Timeseries Modeling Approach to Severity of Illness Assessment and Forecasting in ICU with Sparse, Heterogeneous Clinical Data},
	booktitle = {Proc Conf AAAI Artif Intell},
	year = {2015},
	month = {Jan}
} 

@article{Kamkar2015,
	author = {Iman Kamkar and Sunil Kumar Gupta and Dinh Phung and Svetha Venkatesh},
	title = {Stable feature selection for clinical prediction: Exploiting ICD tree structure using Tree-Lasso},
	journal = {Journal of Biomedical Informatics},
	volume = {53},
	pages = {277–290},
	year = {2015},
	month = {Feb},
	doi = {https://doi.org/10.1016/j.jbi.2014.11.013}	
}

@article{Marafino2015,
	author = {Ben J. Marafino and W. John Boscardin and R. Adams Dudley},
	title = {Efficient and sparse feature selection for biomedical text classification via the elastic net: Application to ICU risk stratification from nursing notes},
	journal = {Journal of Biomedical Informatics},
	volume = {54},
	pages = {114–120},
	year = {2015},
	doi = {https://doi.org/10.1016/j.jbi.2015.02.003}
	
}

@article{Baalachandran2015,
	author = {Ramasubramanian Baalachandran and Dominic Laroche and Laith Ghazala and Gordon E. Carr},
	title = {Predictors of Mortality in Patients Admitted to an Intensive Care Unit with Viral Pneumonia},
	journal = {American Journal of Respiratory and Critical Care Medicine},
	volume = {191:A1756},
	year = {2015}
}

@article{Pirracchio2015,
	author = {Romain Pirracchio and Maya L. Petersen and Marco Carone and Matthieu Resche Rigon and Sylvie Chevret and Mark J. van der LAAN},
	title = {Mortality prediction in the ICU: can we do better? Results from the Super ICU Learner Algorithm (SICULA) project, a population-based study},
	journal = {Lancet Respir Med},
	volume = {3},
	number = {1},
	pages = {42–52},
	year = {2015},
	doi = {10.1016/S2213-2600(14)70239-5}	
}


@article{Gholipour2015,
	title = "Using an Artificial Neural Networks (ANNs) Model for Prediction of Intensive Care Unit (ICU) Outcome and Length of Stay at Hospital in Traumatic Patients ",
	journal = "Journal of Clinical and Diagnostic Research",
	volume = "9",
	number = "4",
	pages = "OC19-OC23",
	year = "2015",
	doi = "10.7860/JCDR/2015/9467.5828",
	author = "Changiz Gholipour and Fakher Rahim and Abolghasem Fakhree and Behrad Ziapour"
}

@inproceedings{Grnarova2016,
	author = {Paulina Grnarova and Florian Schmidt and Stephanie L. Hyland and Carsten Eickhoff},
	title = {Neural Document Embeddings for Intensive Care Patient Mortality Prediction},
	booktitle = {arXiv. NIPS Workshop on Machine Learning for Health (NIPS 2016)},
	address = {Barcelona, Spain},
	year = {December 9, 2016}
}


@inproceedings{Yoon2016,
	author = {Jinsung Yoon and Ahmed M. Alaa and Scott Hu and Mihaela van der Schaar},
	title = {ForecastICU: A Prognostic Decision Support System for Timely Prediction of Intensive Care Unit Admission},
	booktitle = {Proceedings of the 33rd International Conference on Machine Learning},
	year = {2016}, 
	volume = {4},
	address = {New York, NY, USA}
} 

@article{Calvert2016,
	author = {Jacob Calvert and Qingqing Mao and Jana L. Hoffman and Melissa Jay and Thomas Desautels and Hamid Mohamadlou and Uli Chettipally and Ritankar Das},
	title = {Using electronic health record collected clinical variables to predict medical intensive care unit mortality},
	journal = {Annals of Medicine and Surgery},
	volume = {11},
	number = {C},
	pages = {52e57},
	year = {2016},
	month = {Sep},
	doi = {10.1016/j.amsu.2016.09.002}	
}

@inproceedings{Suresh2017,
	author = {Harini Suresh and Nathan Hunt and Alistair Johnson and Leo Anthony Celi and Peter Szolovits and Marzyeh Ghassemi},
	title = {Clinical Intervention Prediction and Understanding with Deep Neural Networks },
	booktitle = {Proceedings of Machine Learning for Healthcare 2017},
	series = {JMLR W\&C Track Volume 68},
	year = {2017},
	month = {May}
} 

@inproceedings{Bhattacharya2017,
	author = {Sakyajit Bhattacharya and Vaibhav Rajan and Harsh Shrivastava},
	title = {ICU Mortality Prediction: A Classification Algorithm for Imbalanced Datasets},
	booktitle = {Proceedings of the Thirty-First AAAI Conference on Artificial Intelligence},
	series = {AAAI-17},
	year = {2017}, 
	url = {https://aaai.org/ocs/index.php/AAAI/AAAI17/paper/view/14337}
} 

@article{Xie2017,
	author = {Junqing Xie and Binbin Su and Chunxiao Li and Ke Lin and Hongyan Li and Yonghua Hu and Guilan Kong},
	title = {A review of modeling methods for predicting in-hospital mortality of patients in intensive care unit},
	journal = {Journal of Emergency and Critical Care Medicine},
	volume = {1},
	number = {8},
	year = {2017},
	url = {http://jeccm.amegroups.com/article/view/3790}
}


@article{Mikacenic2017,
	author = {Carmen Mikacenic and Brenda L. Price and Susanna Harju-Baker and D. Shane O’Mahony and Cassianne Robinson-Cohen and Frank Radella and William O. Hahn and Ronit Katz and David C. Christiani and Jonathan Himmelfarb and W. Conrad Liles and Mark M. Wurfel},	
	title = {A Two-Biomarker Model Predicts Mortality in the Critically Ill with Sepsis},
	journal = {American Journal of Respiratory and Critical Care Medicine},
	volume = {196},
	number = {8},
	year = {2017},
	month = {Oct 15},
	doi = {10.1164/rccm.201611-2307OC}
}

@inproceedings{Johnson2017,
	author = {Alistair E. W. Johnson and Roger G. Mark},
	title = {Real-time mortality prediction in the Intensive Care Unit},
	booktitle = {AMIA Annu Symp Proc},
	year = {2017}, 
	pages = {994-1003},
	url = {https://www.ncbi.nlm.nih.gov/pubmed/29854167 994–1003}
} 


@article{Awad2017,
	author = {Aya Awad and Mohamed Bader-El-Den and James McNicholas and Jim Briggs},
	title = {Early hospital mortality prediction of intensive care unit patients using an ensemble learning approach},
	journal = {International Journal of Medical Informatics},
	volume = {108},
	pages = {185-195},
	year = {2017},
	month = {Dec},
	doi = {https://doi.org/10.1016/j.ijmedinf.2017.10.002},
	url = {https://www.sciencedirect.com/science/article/pii/S1386505617303581}
}

@inproceedings{Nguyen2017,
	author = {Phuoc Nguyen and Truyen Tran and Svetha Venkatesh},
	title = {Deep Learning to Attend to Risk in ICU},
	booktitle = {arXiv:1707.05010 [cs.LG]},
	year = {2017}, 
	url = {https://arxiv.org/abs/1707.05010}
} 

@inproceedings{Johnson2nd2017,
	author = {Alistair E. W. Johnson and Tom J. Pollard and Roger G. Mark},
	title = {Reproducibility in critical care: a mortality prediction case study},
	booktitle = {Proceedings of Machine Learning for Healthcare},
	publisher = {PMLR},
	volume = {68},
	pages = {361-376},
	year = {2017}
} 

@inproceedings{Darabi2018,
	author = {Hamid R. Darabi and Daniel Tsinis and Kevin Zecchini and Winthrop F.Whitcomb and Alexander Liss},
	title = {Forecasting Mortality Risk for Patients Admitted to Intensive Care Units Using Machine Learning},
	booktitle = {Procedia Computer Science},
	volume = {140},
	year = {2018}, 
	pages = {306–313},
	doi = {https://doi.org/10.1016/j.procs.2018.10.313}
} 

@inproceedings{Jin2018,
	author = {Mengqi Jin and Mohammad Taha Bahadori and Aaron Colak and Parminder Bhatia and Busra Celikkaya and Ram Bhakta and Selvan Senthivel and Mohammed Khalilia and Daniel Navarro and Borui Zhang and Tiberiu Doman and Arun Ravi and Matthieu Liger and Taha Kass-hout},
	title = {Improving Hospital Mortality Prediction with Medical Named Entities and Multimodal Learning},
	booktitle = {arXiv:1811.12276 [cs.CL]},
	year = {2018}
} 


@article{Davoodi2018,
	author = {Raheleh Davoodi and Mohammad Hassan Moradi},
	title = {Mortality prediction in intensive care units (ICUs) using a deep rule-based fuzzy classifier},
	journal = {Journal of Biomedical Informatics},
	volume = {79},
	pages = {48–59},
	year = {2018},
	month = {Mar},
	doi = {https://doi.org/10.1016/j.jbi.2018.02.008},
	url = {https://www.sciencedirect.com/science/article/pii/S1532046418300273}
}


@article{Sadeghi2018,
	author = {Reza Sadeghi and Tanvi Banerjee and William Romine},
	title = {Early Hospital Mortality Prediction using Vital Signals},
	journal = {Smart Health},
	volume = {9-10},
	pages = {265-274},
	year = {2018},
	month = {Dec},
	doi = {https://doi.org/10.1016/j.smhl.2018.07.001},
	url = {https://www.sciencedirect.com/science/article/pii/S2352648318300357}
}


@inproceedings{Johnson3rd2018,
	author = {Alistair E. W. Johnson and Tom J. Pollard and Tristan Naumann},
	title = {Generalizability of predictive models for intensive care unit patients},
	booktitle = {arXiv:1812.02275 [cs.LG]},
	year = {2018},
	month = {Dec},
	url = {https://arxiv.org/abs/1812.02275}
} 


@article{Purushotham2018,
	author = {Sanjay Purushotham and Chuizheng Meng and Zhengping Che and Yan Liu},
	title = {Benchmarking deep learning models on large healthcare datasets},
	journal = {Journal of Biomedical Informatics },
	volume = {83},
	pages = {112–134},
	year = {2018},
	month = {Jul},
	doi = {https://doi.org/10.1016/j.jbi.2018.04.007},
	url = {https://www.sciencedirect.com/science/article/pii/S1532046418300716}
}




@inproceedings{Zheng2018,
	author = {Hanzhong Zheng and Dejia Shi},
	title = {Using a LSTM-RNN Based Deep Learning Framework for ICU Mortality Prediction},
	booktitle = {Meng X., Li R., Wang K., Niu B., Wang X., Zhao G. (eds) Web Information Systems and Applications. WISA 2018. Lecture Notes in Computer Science},
	volume = {11242},
	year = {2018}, 
	pages = {60–67},
	publisher = {Springer, Cham},
	doi = {https://doi.org/10.1007/978-3-030-02934-0_6}
} 

@inproceedings{Zahid2018,
	author = {M. A. H. Zahid and Joon Lee},
	title = {Mortality Prediction with Self Normalizing Neural Networks in Intensive Care Unit Patients},
	booktitle = {2018 IEEE EMBS International Conference on Biomedical \& Health Informatics (BHI)},
	year = {2018}, 
	month = {4-7 March},
	publisher = {IEEE},
	address ={Las Vegas, Nevada, USA},
	doi = {10.1109/BHI.2018.8333410}
} 

@inproceedings{Gennatas2019,
	author = {E.D. Gennatas and J.H. Friedman and L.H. Ungar and R. Pirracchio and E. Eaton and L. Reichman and Y. Interian and C.B. Simone and A. Auerbach and E. Delgado and M.J. Van der Laan and T.D. Solberg and G. Valdes},
	title = {Expert-Augmented Machine Learning},
	booktitle = {arXiv:1903.09731 [stat.ML]},
	year = {2019}, 
	month = {Apr},
	url = {https://arxiv.org/abs/1903.09731}
} 


@article{Hsieh2018,
	author = {Meng Hsuen Hsieh and Meng Ju Hsieh and Chin-Ming Chen and Chia-Chang Hsieh and Chien-Ming Chao and Chih-Cheng Lai},
	title = {Comparison of machine learning models for the prediction of mortality of patients with unplanned extubation in intensive care units},
	journal = {Scientific Reports},
	volume = {8},
	pages = {17116},
	year = {2018},
	doi = {10.1038/s41598-018-35582-2}
}

@inproceedings{Ho2019,
	author = {Long V. Ho and Melissa D. Aczon and David Ledbetter and Randall Wetzel},
	title = {Interpreting a Recurrent Neural Network Model for ICU Mortality Using Learned Binary Masks},
	booktitle = {arXiv:1905.09865 [cs.LG]},
	year = {2019}, 
	month = {Jun},
	url = {https://arxiv.org/abs/1905.09865}
} 


@article{Sharafoddini2019,
	author = {Anis Sharafoddini and Joel A Dubin and David M Maslove and Joon Lee},
	title = {A New Insight Into Missing Data in Intensive Care Unit Patient Profiles: Observational Study},
	journal = {JMIR Med Inform},
	volume = {7},
	number = {1},
	pages = {e11605},
	year = {2019},
	doi = {10.2196/11605}
}

@inproceedings{Torres2019,
	author = {William Caicedo-Torres and Jairo Gutierrez},
	title = {ISeeU: Visually interpretable deep learning for mortality prediction inside the ICU},
	booktitle = {arXiv:1901.08201 [cs.LG]},
	year = {2019}, 
	month = {Jan},
	url = {https://arxiv.org/abs/1901.08201}
} 


@article{Lange2019,
	author = {Dylan W de Lange and Sylvia Brinkman and Hans Flaatten and Ariane Boumendil and Alessandro Morandi and Finn H Andersen and Antonio Artigas and Guido Bertolini and Maurizio Cecconi and Steffen Christensen and Loredana Faraldi and Jesper Fjølner and Christian Jung and Brian Marsh and Rui Moreno and Sandra Oeyen and Christina Agvald Öhman and Bernadro Bollen Pinto and Anne Marie G A de Smet and Ivo W Soliman and Wojciech Szczeklik and Andreas Valentin and Ximena Watson and Tilemachos Zafeiridis and Bertrand Guidet},
	title = {Cumulative Prognostic Score Predicting Mortality in Patients Older Than 80 Years Admitted to the ICU},
	journal = {J Am Geriatr Soc},
	volume = {67},
	number = {6},
	pages = {1263-1267},
	year = {2019},
	doi = {10.1111/jgs.15888}
}

@article{Bosma2019,
	author = {Liesbeth B. E. Bosma and Nienke van Rein and Nicole G. M. Hunfeld and Ewout W. Steyerberg and Piet H. G. J. Melief and Patricia M. L. A. van den Bemt},
	title = {Development of a multivariable prediction model for identification of patients at risk for medication transfer errors at ICU discharge},
	journal = {PLoS ONE},
	volume = {14},
	number = {4},
	pages = {e0215459},
	year = {2019},
	doi = {https://doi.org/10.1371/journal.pone.0215459}
}

@inproceedings{Pan2019,
	author = {Ziyuan Pan and Hao Du and Kee Yuan Ngiam and Fei Wang and Ping Shum and Mengling Feng},
	title = {A Self-Correcting Deep Learning Approach to Predict Acute Conditions in Critical Care},
	booktitle = {arXiv:1901.04364 [cs.LG]},
	year = {2014}, 
	month = {Jan},
	url = {https://arxiv.org/abs/1901.04364}
} 

@article{Xiao2018,
	author = {Cao Xiao and Edward Choi and Jimeng Sun},
	title = {Opportunities and challenges in developing deep learning models using electronic health records data: a systematic review},
	journal = {Journal of the American Medical Informatics Association},
	volume = {25},
	number = {10},
	pages = {1419–1428},
	year = {2018},
	doi = {10.1093/jamia/ocy068}
}

@article{Fernandez2018,
	author = {Rafael Fernandez and Silvia Cano and Ignacio Catalan and Olga Rubio and Carles Subira and Jaume Masclans and Gina Rognoni and Lara Ventura and Caroline Macharete and Len Winfield and and Josep M. Alcoverro},
	title = {High red blood cell distribution width as a marker of hospital mortality after ICU discharge: a cohort study},
	journal = {Journal of Intensive Care},
	volume = {6},
	pages = {74},
	year = {2018},
	doi = {https://doi.org/10.1186/s40560-018-0343-3}
}

@article{Zahangir2019,
	author = {Md. Zahangir Alam and M. Saifur Rahman and M. Sohel Rahman},
	title = {A Random Forest based predictor for medical data classification using feature ranking},
	journal = {Informatics in Medicine Unlocked},
	volume = {15},
	pages = {100180},
	year = {2019},
	doi = {https://doi.org/10.1016/j.imu.2019.100180}
}

@inproceedings{Liu,
 author = {Qingzhong Liu and Bernardete Ribeiro and Andrew H. Sung and Divya Suryakumar},
 title = {Mining the Big Data: The Critical Feature Dimension Problem},
 booktitle = {Proceedings of the Adv. Appl. Inform. IIAIAAI 2014 IIAI 3rd Int. Conf.},
 series = {IIAIAAI '14},
 year = {2014}, 
 pages = {499–-504},
 numpages = {6},
 publisher = {IEEE}
} 

@article{Cismondi,
title = "Reducing unnecessary lab testing in the \{ICU\} with artificial intelligence ",
journal = "International Journal of Medical Informatics ",
volume = "82",
number = "5",
pages = "345 - 358",
year = "2013",
note = "",
issn = "1386-5056",
doi = "http://dx.doi.org/10.1016/j.ijmedinf.2012.11.017",
url = "http://www.sciencedirect.com/science/article/pii/S1386505612002420",
author = "F. Cismondi and L.A. Celi and A.S. Fialho and S.M. Vieira and S.R. Reti and J.M.C. Sousa and S.N. Finkelstein"
}

@article{Fialho,
title = "Data mining using clinical physiology at discharge to predict \{ICU\} readmissions ",
author = "A.S. Fialho and F. Cismondi and S.M. Vieira and S.R. Reti and J.M.C. Sousa and S.N. Finkelstein",
journal = "Expert Systems with Applications ",
volume = "39",
number = "18",
pages = "13158--13165",
year = "2012",
note = "",
issn = "0957-4174",
doi = "http://dx.doi.org/10.1016/j.eswa.2012.05.086",
url = "http://www.sciencedirect.com/science/article/pii/S0957417412008020"
}

@inproceedings{Baumgartner,
 author = {Baumgartner, B and Rödel, K and Knoll, A.},
 title = {A data mining approach to reduce the false
alarm rate of patient monitors.},
 booktitle = {IEEE Eng Med Biol Soc.},
 series = {},
 year = {2012}, 
 pages = {5935--8},
 numpages = {4},
 publisher = {PubMed}
} 

@ARTICLE{Cheng, 
author={C. W. Cheng and N. Chanani and J. Venugopalan and K. Maher and M. D. Wang}, 
journal={IEEE Journal of Translational Engineering in Health and Medicine}, 
title={icuARM-An ICU Clinical Decision Support System Using Association Rule Mining}, 
year={2013}, 
volume={1}, 
pages={4400110-4400110}, 
doi={10.1109/JTEHM.2013.2290113}, 
ISSN={2168-2372}, 
month={}
}

@inproceedings{ZhengpingChe2016,
	author = {Zhengping Che and Sanjay Purushotham and Robinder Khemani and Yan Liu},
	title = {Interpretable Deep Models for ICU Outcome Prediction},
	booktitle = {AMIA Annual Symposium Proceedings},
	year = {2016},
	pages = {371-380},
} 

@Article{Zhang2017,
	Author="Zhongheng Zhang and Yucai Hong",
	Title={Development of a novel score for the prediction of hospital mortality in patients with severe sepsis},
	Journal="Oncotarget",
	Year="2017",
	Volume="8",
	Number="30",
	Pages="49637-49645",
	doi = {10.18632/oncotarget.17870"},
	month = "May"
}

@Article{Meyer2018,
	Author="Alexander Meyer and Dina Zverinski and Boris Pfahringer and Jörg Kempfert and Titus Kuehne and Simon H Sündermann and Christof Stamm and Thomas Hofmann and Volkmar Falk and Carsten Eickhoff",
	Title={Machine learning for real-time prediction of complications in critical care: a retrospective study},
	Journal="Lancet Respir Med",
	Year="2018",
	Volume="6",
	Number="12",
	Pages="905-914",
	doi = {10.1016/S2213-2600(18)30300-X},
	Month="Jan"
}


@inproceedings{Herland,
 author = {Herland, Matthew and Khoshgoftaar, Taghi M. and Wald, Randall},
 title = {Survey of Clinical Data Mining Applications on Big Data in Health Informatics},
 booktitle = {Proceedings of the 2013 12th International Conference on Machine Learning and Applications - Volume 02},
 series = {ICMLA '13},
 year = {2013},
 isbn = {978-0-7695-5144-9},
 pages = {465--472},
 numpages = {8},
 url = {http://dx.doi.org/10.1109/ICMLA.2013.163},
 doi = {10.1109/ICMLA.2013.163},
 acmid = {2584695},
 publisher = {IEEE Computer Society},
 address = {Washington, DC, USA},
 keywords = {Big Data, Health Informatics, Clinical Applications},
} 

@Article{Celi,
   Author="Celi, L. A.  and Tang, R. J.  and Villarroel, M. C.  and Davidzon, G. A.  and Lester, W. T.  and Chueh, H. C. ",
   Title="{{A} {C}linical {D}atabase-{D}riven {A}pproach to {D}ecision {S}upport: {P}redicting {M}ortality {A}mong {P}atients with {A}cute {K}idney {I}njury}",
   Journal="J Healthc Eng",
   Year="2011",
   Volume="2",
   Number="1",
   Pages="97-110",
   Month="Mar",
   doi = {10.1260/2040-2295.2.1.97}
}


@Article{Cai:2016,
	Author="X. Cai and O. Perez-Concha and E. Coiera and F. Martin-Sanchez and R. Day and D. Roffe and B. Gallego",
	Title="Real-time prediction of mortality, readmission, and length of stay using electronic health record data",
	Journal="Journal of the American Medical Informatics Association",
	Year="2016",
	Volume="23",
	Number="3",
	Pages="553–561",
	Month="May",
	doi = {10.1093/jamia/ocv110}
}


@Article{Pontes:2015,
	Author="Beatriz Pontes and Raúl Giráldez and Jesús S. Aguilar-Ruiz",
	Title="Biclustering on expression data: A review.",
	Journal="Journal of Biomedical Informatics",
	Year="2015",
	Volume="57",
	Pages="163-180",
	Month="October"
}

@Article{Kamio:2017,
	Author="Tadashi Kamio and Tomoaki Van and Ken Masamune",
	Title="Use of Machine-Learning Approaches to Predict Clinical Deterioration in Critically Ill Patients: A Systematic Review",
	Journal="International Journal of Medical Research \& Health Sciences",
	Year="2017",
	Volume="6",
	Number="6",
	Pages="1-7",
	issn = "2319-5886"
}

@ARTICLE{Saifur20181st, 
	author={M. Saifur Rahman and Md. Khaledur Rahman and M. Kaykobad and M. Sohel Rahman}, 
	journal={Artificial Intelligence in Medicine}, 
	title={isGPT: An optimized model to identify sub-Golgi protein types using SVM and Random Forest based feature selection}, 
	volume={84}, 
	month={January},
	year={2018}, 
	pages={90-100}, 
	doi={https://doi.org/10.1016/j.artmed.2017.11.003} 
}

@ARTICLE{Saifur20182nd, 
	author={M. Saifur Rahman and Swakkhar Shatabda and Sanjay Saha and M. Kaykobad and M. Sohel Rahman}, 
	journal={Journal of Theoretical Biology}, 
	title={DPP-PseAAC: A DNA-binding protein prediction model using Chou’s general PseAAC}, 
	volume={452}, 
	month={September},
	year={2018}, 
	pages={22-34}, 
	doi={https://doi.org/10.1016/j.jtbi.2018.05.006} 
}

@ARTICLE{Saifur2019, 
	author={M. Saifur Rahman and Md. Khaledur Rahman and Sanjay Saha and M. Kaykobad and M. Sohel Rahman}, 
	journal={Artificial Intelligence in Medicine}, 
	title={Antigenic: An improved prediction model of protective antigens}, 
	volume={94}, 
	month={March},
	year={2019}, 
	pages={28-41}, 
	doi={https://doi.org/10.1016/j.artmed.2018.12.010} 
}


%-------------------------------------------------

@book{Hsu:2002:BDB:601291,
 author = {Hsu, Feng-Hsiung},
 title = {Behind Deep Blue: Building the Computer That Defeated the World Chess Champion},
 year = {2002},
 isbn = {0691090653},
 publisher = {Princeton University Press},
 address = {Princeton, NJ, USA},
} 

@inproceedings{mehedy-masud:2017:fvc,
	author = {Mohammad M. Masud and Abdel Rahman Al Harahsheh},
	title = {Mortality prediction of ICU patients using lab test data by feature vector compaction \& classification},  
	booktitle = {2016 IEEE International Conference on Big Data (Big Data)},
	year = {5-8 Dec. 2016},
	isbn = {978-1-4673-9005-7},
	url = {https://ieeexplore.ieee.org/document/7841001},
	doi = {10.1109/BigData.2016.7841001},
	publisher = {IEEE},
	address = {Washington, DC, USA}	
}

@inproceedings{mehedy-masud:2018:frmwrk,
	author = {Mohammad Mehedy Masud and Muhsin Cheratta},
	title = {A Framework for Utilizing Lab Test Results for Clinical Prediction of ICU Patients},  
	booktitle = { Workshops at the Thirty-Second AAAI Conference on Artificial Intelligence},
	publisher = {AAAI Publications},
	year = {2018-06-20},
	url = {https://aaai.org/ocs/index.php/WS/AAAIW18/paper/view/16622/15605}	
}


@misc{chessok,
   author = {ChessOK.com},
   title = {ChessOK},   
   howpublished = "\url{www.chessok.com}"
}

@misc{MIMIC2,
	title = {MIMIC II Databas},   
	howpublished = "\url{https://physionet.org/physiobank/database/mimic2cdb/}"
}

@misc{MIMIC3,
	title = {MIMIC III Databas},   
	howpublished = "\url{https://physionet.org/physiobank/database/mimic3cdb/}"
}

@article{weka,
	author = {Eibe Frank and Mark A. Hall and Ian H. Witten},
	title = {The {WEKA} Workbench. Online Appendix for Data Mining: Practical Machine Learning Tools and Techniques},
	journal = {Morgan Kaufmann},
	volume = "Fourth Edition",
	year = "2016"
}


@article{Dash:1997,
	title = "Feature selection for classification",
	journal = "Intelligent Data Analysis",
	volume = "1",
	number = "1-4",
	pages = "131-156",
	year = "1997",
	doi = "10.1016/S1088-467X(97)00008-5",
	url = "http://www.lsi.us.es/~riquelme/publicaciones/kes03.pdf",
	author = "M. Dash and H. Liu"
}

@article{Roberto:2003,
	title = "Fast Feature Ranking Algorithm",
	journal = "V. Palade, R.J. Howlett, and L.C. Jain (Eds.)",
	volume = "KES 2003",
	number = "LNAI 2773",
	pages = "325–331",
	year = "2003",
	url = "http://www.lsi.us.es/~riquelme/publicaciones/kes03.pdf",
	author = "Roberto Ruiz and José C. Riquelme and Jesús S. Aguilar-Ruiz"
}

@article{Jasmina:2011,
	title = "TOWARD OPTIMAL FEATURE SELECTION USING RANKING METHODS AND CLASSIFICATION ALGORITHMS",
	journal = "Yugoslav Journal of Operations Research",
	volume = "21",
	number = "1",
	year = "2011",
	doi = "10.2298/yjor1101119n",
	url = "http://elib.mi.sanu.ac.rs/files/journals/yjor/41/yujorn41p119\-135.pdf",
	author = "Jasmina Novakovic and Perica Strbac and Dusan Bulatovic"
}

%------------------------------------------------------------
@article{Dirac1953888,
  title   = "The lorentz transformation and absolute time",
  journal = "Physica ",
  volume  = "19",
  number  = "1-–12",
  pages   = "888--896",
  year    = "1953",
  doi     = "10.1016/S0031-8914(53)80099-6",
  author  = "P.A.M. Dirac"
}

@article{Feynman1963118,
  title   = "The theory of a general quantum system interacting with a linear dissipative system",
  journal = "Annals of Physics ",
  volume  = "24",
  pages   = "118--173",
  year    = "1963",
  doi     = "10.1016/0003-4916(63)90068-X",
  author  = "R.P Feynman and F.L {Vernon Jr.}"
}
